@ARTICLE{tam19912d,
  author = {Tam, TKH and Armstrong, Cecil G},
  title = {2D finite element mesh generation by medial axis subdivision},
  journal = {Advances in engineering software and workstations},
  year = {1991},
  volume = {13},
  pages = {313--324},
  number = {5},
  file = {:tam19912d.pdf:PDF},
  publisher = {Elsevier}
}

@article{knupp2012introducing,
  title={Introducing the target-matrix paradigm for mesh optimization via node-movement},
  author={Knupp, Patrick},
  journal={Engineering with Computers},
  volume={28},
  number={4},
  pages={419--429},
  year={2012},
  publisher={Springer}
}

@book{nocedal:1999,
        Author = {Nocedal, J. and Wright, S. J.},
        Publisher = {Springer verlag},
        Title = {Numerical optimization},
        Year = {1999}}
