% This file was created with JabRef 2.7b.
% Encoding: UTF8

@ARTICLE{EPR,
  author = {E. B\"{a}nsch and P. Morin and R. H. Nochetto},
  title = {A finite element method for surface diffusion: the parametric case},
  journal = {J. Comput. Phys.},
  year = {2005},
  volume = {203},
  pages = {pp.~321--343},
  number = {1}
}

@BOOK{BS2001,
  title = {The Finite Element Method and Its Reliability},
  publisher = {Oxford University Press},
  year = {2001},
  author = {I. Babu\v{s}ka and T. Strouboulis},
  address = {New York}
}

@ARTICLE{Babuska.I;Aziz.A1976,
  author = {Ivo Babu{\v s}ka and A. K. Aziz},
  title = {On the angle condition in the finite element method},
  journal = {SIAM J. Numer. Anal.},
  year = {1976},
  volume = {13},
  pages = {pp.~214--226},
  number = {2}
}

@ARTICLE{Babuvska1970C,
  author = {I. Babu{\v{s}}ka},
  title = {The finite element method for elliptic equations with discontinuous
	coefficients},
  journal = {Computing},
  year = {1970},
  volume = {5},
  pages = {pp.~207--213},
  number = {3}
}

@ARTICLE{Bab-Str-Upa-Gan96,
  author = {Babu{\v{s}}ka, I. and Strouboulis, T. and Upadhyay, CS and Gangaraj,
	SK},
  title = {Computer-based proof of the existence of superconvergence points
	in the finite element method; superconvergence of the derivatives
	in finite element solutions of Laplace's, Poisson's, and the elasticity
	equations},
  journal = {Numerical Methods for Partial Differential Equations},
  year = {1996},
  volume = {12},
  pages = {pp.~347--392},
  number = {3},
  publisher = {John Wiley \& Sons}
}

@ARTICLE{baehmann1987robust,
  author = {P. L. Baehmann and S. L. Wittchen and M. S. Shephard and K. R. Grice
	and M. A. Yerry},
  title = {Robust, geometrically based, automatic two-dimensional mesh generation},
  journal = {Int. J. Numer. Meth. Engrg.},
  year = {1987},
  volume = {24},
  pages = {pp.~1043--1078},
  number = {6}
}

@ARTICLE{CG,
  author = {C. L. Bajaj and G. Xu},
  title = {Anisotropic diffusion of surfaces and functions on surfaces},
  journal = {ACM Trans. Graph.},
  year = {2003},
  volume = {22},
  pages = {pp.~4--32},
  number = {1},
  address = {New York, NY, USA},
  publisher = {ACM}
}

@ARTICLE{Bank.R;Rose.D1987,
  author = {R.E. Bank and D.J. Rose},
  title = {Some error estimates for the box scheme},
  journal = {SIAM J. Numer. Anal.},
  year = {1987},
  volume = {24},
  pages = {pp.~777--787},
  number = {4}
}

@ARTICLE{Bank1987SJNA,
  author = {R. E. Bank and D. J. Rose},
  title = {Some error estimates for the box scheme},
  journal = {SIAM J. Numer. Anal.},
  year = {1987},
  volume = {24},
  pages = {pp.~777--787}
}

@ARTICLE{Bank;Xu2003II,
  author = {R. E. Bank and J. Xu},
  title = {Asymptotically Exact A Posteriori Error Estimators, {P}art {II}: General
	Unstructured Grids},
  journal = {SIAM J. Numer. Anal.},
  year = {2003},
  volume = {41},
  pages = {pp.~2313--2332},
  number = {6}
}

@ARTICLE{BXI,
  author = {R. E. Bank and J. Xu},
  title = {Asymptotically Exact A Posteriori Error Estimators, {P}art {I}: Grids with Superconvergence},
  journal = {SIAM J. Numer. Anal.},
  year = {2003},
  volume = {41},
  pages = {pp.~2294--2312},
  number = {6},
  address = {Philadelphia, PA, USA}
}



@ARTICLE{Bank.R;Xu.J;Zheng.B2007,
  author = {R. E. Bank and J. Xu and Bin Zheng},
  title = {Superconvergent derivative recovery for Lagrange triangular elements
	of degree p on unstructured grids},
  journal = {SIAM J. Numer. Anal.},
  year = {2007},
  volume = {45},
  pages = {pp.~2032--2046}
}

@ARTICLE{barrett1987fitted,
  author = {J. W. Barrett and C. M. Elliott},
  title = {Fitted and unfitted finite-element methods for elliptic equations
	with smooth interfaces},
  journal = {IMA J. Numer. Anal.},
  year = {1987},
  volume = {7},
  pages = {283},
  number = {3}
}

@ARTICLE{Bedrossian2010JoCP,
  author = {J. Bedrossian and J. H. V. Brecht and S. Zhu and E. Sifakis and J.
	M. Teran},
  title = {A second order virtual node method for elliptic problems with interfaces
	and irregular domains},
  journal = {J. Comput. Phys.},
  year = {2010},
  volume = {229},
  pages = {pp.~6405--6426},
  number = {18}
}

@ARTICLE{Bejanov2008JoCP,
  author = {B. Bejanov and J. L. Guermond and P. D. Minev},
  title = {A grid-alignment finite element technique for incompressible multicomponent
	flows},
  journal = {J. Comput. Phys.},
  year = {2008},
  volume = {227},
  pages = {pp.~6473--6489},
  number = {13}
}

@ARTICLE{MGLS,
  author = {Bertalmio, M. and Sapiro, G. and Cheng, L.T. and Osher, S.},
  title = {A framework for solving surface partial differential equations for
	computer graphics applications},
  journal = {CAM Report 00-43, UCLA, Mathematics Department},
  year = {2000}
}

@ARTICLE{boissonnat2005provably,
  author = {J. D. Boissonnat and S. Oudot},
  title = {Provably good sampling and meshing of surfaces},
  journal = {Graphical Models},
  year = {2005},
  volume = {67},
  pages = {pp.~405--451},
  number = {5}
}

@ARTICLE{Bramble1996finite,
  author = {J. H. Bramble and J. T. King},
  title = {A finite element method for interface problems in domains with smooth
	boundaries and interfaces},
  journal = {Adv. Comput. Math.},
  year = {1996},
  volume = {6},
  pages = {pp.~109--138},
  number = {1}
}

@ARTICLE{Bramble1985,
  author = {J. H. Bramble and J. E. Pasciak},
  title = {A boundary parametric approximation to the linearized scalar potential
	magnetostatic field problem},
  journal = {Appl. Numer. Math.},
  year = {1985},
  volume = {1},
  pages = {pp.~493--514},
  number = {6}
}

@ARTICLE{Bra-Sch77,
  author = {J. H. Bramble and A. H. Schatz},
  title = {Higher order local accuracy by averaging in the finite element method},
  journal = {Math. Comp.},
  year = {1977},
  volume = {31},
  pages = {pp.~74--111},
  number = {137}
}

@ARTICLE{Bra-Kri01,
  author = {Brandts, J. and Krizek, M.},
  title = {History and future of superconvergence in three dimensional finite
	element methods},
  journal = {Math. Sci. Appl.},
  year = {2001},
  volume = {15},
  pages = {pp.~24--35}
}

@ARTICLE{burton1951growth,
  author = {W. K. Burton and N. Cabrera and F. C. Frank},
  title = {The growth of crystals and the equilibrium structure of their surfaces},
  journal = {Philos. Trans. R. Soc. Lond. Ser. A Math. Phys. Eng. Sci.},
  year = {1951},
  pages = {pp.~299--358},
  number = {866}
}

@ARTICLE{Bansch2004,
  author = {E. B{\"a}nsch and F. Hau{\ss}er and O. Lakkis and B. Li and A. Voigt},
  title = {Finite element method for epitaxial growth with attachment-detachment
	kinetics},
  journal = {J. Comput. Phys.},
  year = {2004},
  volume = {194},
  pages = {pp.~409--434},
  number = {2}
}

@ARTICLE{Borgers1990SJoNA,
  author = {C. B{\"o}rgers},
  title = {A Triangulation Algorithm for Fast Elliptic Solvers Based on Domain
	Imbedding},
  journal = {SIAM J. Numer. Anal.},
  year = {1990},
  volume = {27},
  pages = {pp.~1187--1196},
  number = {5}
}

@ARTICLE{caflisch2003analysis,
  author = {R. E. Caflisch and B. Li},
  title = {Analysis of island dynamics in epitaxial growth of thin films},
  journal = {Multiscale Model. Simul.},
  year = {2003},
  volume = {1},
  pages = {pp.~150--171},
  number = {1}
}

@ARTICLE{Cao1998SJoNA,
  author = {Y. Cao and M. D. Gunzburger},
  title = {Least-Squares Finite Element Approximations to Solutions of Interface
	Problems},
  journal = {SIAM J. Numer. Anal.},
  year = {1998},
  volume = {35},
  pages = {pp.~393--405},
  number = {1}
}

@ARTICLE{Carstensen.C;Bartels.S2002,
  author = {C. Carstensen and S. Bartels},
  title = {Each averaging technique yields reliable a posteriori error control
	in {FEM} on unstructured grids. {I}. Low order conforming, nonconforming,
	and mixed {FEM}.},
  journal = {Math. Comput.},
  year = {2002},
  volume = {71},
  pages = {pp.~945--969},
  number = {239}
}

@BOOK{CHEN2001,
  title = {Structure Theory of Superconvergence of Finite Elements, (Chinese)},
  publisher = {Hunan Science and Technology Press},
  year = {2001},
  author = {C. Chen},
  pages = {464},
  address = {Changsha}
}

@ARTICLE{Chen1978,
  author = {Chuanmiao Chen},
  title = {Optimal points of the stresses approximated by triangular linear
	element in FEM},
  journal = {J. Xiangtan Univ.},
  year = {1978},
  volume = {1},
  pages = {pp.~77--90}
}

@BOOK{CH1995,
  title = {High Accuracy Theory of Finite Element Methods, (Chinese)},
  publisher = {Hunan Science and Technology Press},
  year = {1995},
  author = {C. Chen and Y. Huang},
  pages = {638},
  address = {Changsha}
}

@INPROCEEDINGS{Chen.L2006a,
  author = {L. Chen},
  title = {Short implementation of bisection in {MATLAB}},
  booktitle = {Recent Advances in Computational Sciences -- Selected Papers from
	the International Workshop on Computational Sciences and Its Education},
  year = {2008},
  editor = {P. Jorgensen and X. Shen and C. Shu and N. Yan},
  pages = {318--332}
}

@ARTICLE{Chen.L2009b,
  author = {L. Chen},
  title = {A New Class of High Order Finite Volume Methods for Second Order
	Elliptic equations},
  journal = {SIAM J. Numer. Anal.},
  year = {2010},
  volume = {47},
  pages = {pp.~4021--4043},
  number = {6}
}

@ARTICLE{Chen2010SJoNA,
  author = {L. Chen},
  title = {A new class of high order finite volume methods for second order
	elliptic equations},
  journal = {SIAM J. Numer. Anal.},
  year = {2010},
  volume = {47},
  pages = {pp.~4021--4043},
  number = {6}
}

@ARTICLE{Chen.L2008c,
  author = {L. Chen},
  title = {{$i$FEM}: {An Integrated Finite Element Methods Package in MATLAB}},
  journal = {Technical Report, University of California at Irvine},
  year = {2009},
  annote = {iFEM}
}

@ARTICLE{chen2006supercon,
  author = {Chen, L.},
  title = {Superconvergence of tetrahedral linear finite elements},
  journal = {Int. J. Numer. Anal. Model},
  year = {2006},
  volume = {3},
  pages = {pp.~273--282},
  number = {3}
}

@PHDTHESIS{Chen.L2005a,
  author = {L. Chen},
  title = {Robust and Accurate Algorithms for Solving Anisotropic Singularities},
  school = {Department of Mathematics, The Pennsylvania State University},
  year = {2005},
  address = {University Park, PA, USA}
}

@INPROCEEDINGS{Chen.L2004,
  author = {L. Chen},
  title = {Mesh smoothing schemes based on optimal {Delaunay} triangulations},
  booktitle = {13th International Meshing Roundtable},
  year = {2004},
  pages = {109--120},
  address = {Williamsburg, VA},
  organization = {Sandia National Laboratories}
}

@ARTICLE{Chen.L;Holst.M2010,
  author = {L. Chen and M. Holst},
  title = {Efficient Mesh Optimization Schemes based on {Optimal Delaunay Triangulations}},
  journal = {Comput. Methods Appl. Mech. Engrg.},
  year = {2011},
  volume = {200},
  pages = {pp.~967--984},
  number = {9-12}
}

@INCOLLECTION{Chen.L;Xu.J2007,
  author = {L. Chen and J. Xu},
  title = {Topics on adaptive finite element methods},
  booktitle = {in Adaptive Computations: Theory and Algorithms},
  publisher = {Sci. Pr.},
  year = {2007},
  editor = {T. Tang and J. Xu},
  pages = {1--31},
  address = {Beijing}
}

@ARTICLE{Chen.L;Xu.J2004,
  author = {L. Chen and J. Xu},
  title = {Optimal {Delaunay} triangulations},
  journal = {J. Comput. Math},
  year = {2004},
  volume = {22},
  pages = {pp.~299--308},
  number = {2}
}

@ARTICLE{Chen.L;Zhang.C2007,
  author = {L. Chen and C. Zhang},
  title = {A coarsening algorithm on adaptive grids by newest vertex bisection
	and its applications},
  journal = {J. Comp. Math.},
  year = {2010},
  volume = {28},
  pages = {pp.~767--789},
  number = {6}
}

@ARTICLE{Chen2010coarsening,
  author = {L. Chen and C. Zhang},
  title = {A coarsening algorithm on adaptive grids by newest vertex bisection
	and its applications},
  journal = {J. Comput. Math.},
  year = {2010},
  volume = {28},
  pages = {pp.~767--789},
  number = {6}
}

@ARTICLE{CYG89,
  author = {Y. Chen and Y. Giga and S. Goto},
  title = {Uniqueness and existence of viscosity solutions of generalized mean
	curvature flow equations},
  journal = {Proc. Japan Acad. Ser. A Math. Sci.},
  year = {1989},
  volume = {65},
  pages = {pp.~207-210},
  number = {7}
}

@ARTICLE{Chen2009JoCP,
  author = {Z. Chen and Y. Xiao and L. Zhang},
  title = {The adaptive immersed interface finite element method for elliptic
	and Maxwell interface problems},
  journal = {J. Comput. Phys.},
  year = {2009},
  volume = {228},
  pages = {pp.~5000--5019},
  number = {14}
}

@ARTICLE{Chen1998NM,
  author = {Z. Chen and J. Zou},
  title = {Finite element methods and their convergence for elliptic and parabolic
	interface problems},
  journal = {Numer. Math.},
  year = {1998},
  volume = {79},
  pages = {pp.~175--202},
  number = {2}
}

@ARTICLE{Chern2007JoCP,
  author = {I. Chern and Y. Shu},
  title = {A coupling interface method for elliptic interface problems},
  journal = {J. Comput. Phys.},
  year = {2007},
  volume = {225},
  pages = {pp.~2138--2174},
  number = {2}
}

@ARTICLE{Christos2007E,
  author = {V. Christos},
  title = {Interface Approximation and Error Estimates via Mapping Techniques},
  journal = {ETH},
  year = {2007}
}

@INPROCEEDINGS{UUM,
  author = {U. Clarenz and U. Diewald and M. Rumpf},
  title = {Anisotropic geometric diffusion in surface processing},
  booktitle = {Proceedings of the conference on Visualization'00},
  year = {2000},
  pages = {397--405},
  address = {Los Alamitos, CA, USA},
  organization = {IEEE Computer Society Press}
}

@ARTICLE{AD,
  author = {A. Demlow},
  title = {Higher-Order Finite Element Methods and Pointwise Error Estimates
	for Elliptic Problems on Surfaces},
  journal = {SIAM J. Numer. Anal.},
  year = {2009},
  volume = {47},
  pages = {pp.~805-827},
  number = {2}
}

@ARTICLE{DD07,
  author = {A. Demlow and G. Dziuk},
  title = {An Adaptive Finite Element Method for the Laplace-Beltrami Operator
	on Implicitly Defined Surfaces},
  journal = {SIAM J. Numer. Anal.},
  year = {2007},
  volume = {45},
  pages = {pp.~421--442},
  number = {1}
}

@INPROCEEDINGS{MMPA02,
  author = {M. Desbrun and M. Meyer and P. Schr\"{o}der and A. H. Barr},
  title = {Discrete Differential-Geometry Operators in nD},
  year = {2000},
  pages = {35--57},
  publisher = {Springer-Verlag}
}

@INPROCEEDINGS{MMPA99,
  author = {M. Desbrun and M. Meyer and P. Schr\"{o}der and A. H. Barr},
  title = {Implicit fairing of irregular meshes using diffusion and curvature
	flow},
  booktitle = {SIGGRAPH '99: Proceedings of the 26th annual conference on Computer
	graphics and interactive techniques},
  year = {1999},
  pages = {317--324},
  address = {New York, NY, USA},
  publisher = {ACM Press/Addison-Wesley Publishing Co.}
}

@ARTICLE{Dou-Dup74,
  author = {J. Douglas and T. Dupont},
  title = {Galerkin approximations for the two point boundary problem using
	continuous, piecewise polynomial spaces},
  journal = {Numer. Math.},
  year = {1974},
  volume = {22},
  pages = {pp.~99--109},
  number = {2}
}

@ARTICLE{Dou-Dup73,
  author = {J. Douglas and T. Dupont},
  title = {Superconvergence for Galerkin methods for the two point boundary
	problem via local projections},
  journal = {Numer. Math.},
  year = {1973},
  volume = {21},
  pages = {pp.~270--278},
  number = {3},
  publisher = {Springer}
}

@CONFERENCE{Dou-Dup72,
  author = {J. Douglas and T. Dupont},
  title = {Some superconvergence results for Galerkin methods for the approximate
	solution of two-point boundary value problems},
  booktitle = {Topics in Numerical Analysis (Proc. Roy. Irish Acad. Conf., Univ.
	Coll., Dublin)},
  year = {1972},
  pages = {pp.~89--92}
}

@ARTICLE{Du1999,
  author = {Q. Du and V. Faber and M. Gunzburger},
  title = {Centroidal Voronoi Tessellations: Applications and Algorithms},
  journal = {SIAM Rev.},
  year = {1999},
  volume = {41},
  pages = {pp.~637--676},
  number = {4}
}

@ARTICLE{CVTreviewpaper,
  author = {Q. Du and M. Gunzburger and L. Ju},
  title = {Advances in Studies and Applications of Centroidal Voronoi Tessellations},
  journal = {Numer. Math. Theor. Meth. Appl.},
  year = {2010},
  volume = {3},
  pages = {pp.~119--142},
  number = {2}
}

@ARTICLE{Du.Q;Gunzburger.M;Ju.L2003,
  author = {Q. Du and M. Gunzburger and L. Ju},
  title = {Constrained centroidal Voronoi tessellations in general surfaces},
  journal = {SIAM J. Sci. Comput.},
  year = {2003},
  volume = {24},
  pages = {pp.~1488--1506},
  number = {5}
}

@ARTICLE{Du.Q;Gunzburger.M;Ju.L2003a,
  author = {Q. Du and M. Gunzburger and L. Ju},
  title = {Voronoi-based finite volume methods, optimal Voronoi meshes, and
	PDEs on the sphere},
  journal = {Comput. Methods Appl. Mech. Engrg.},
  year = {2003},
  volume = {192},
  pages = {pp.~3993--3957},
  number = {35-36}
}

@ARTICLE{DJ2005,
  author = {Q. Du and L. Ju},
  title = {Finite Volume Methods on Spheres and Spherical Centroidal Voronoi
	Meshes},
  journal = {SIAM J. Numer. Anal.},
  year = {2005},
  volume = {43},
  pages = {pp.~1673--1692},
  number = {4}
}

@INCOLLECTION{GD,
  author = {G. Dziuk},
  title = {Finite Elements for the Beltrami operator on arbitrary surfaces},
  booktitle = {Partial Differential Equations and Calculus of Variations},
  publisher = {Springer Berlin - Heidelberg},
  year = {1988},
  editor = {S. Hildebrandt and R. Leis},
  volume = {1357},
  series = {Lecture Notes in Mathematics},
  pages = {142--155}
}

@ARTICLE{GD1990,
  author = {G. Dziuk},
  title = {An algorithm for evolutionary surfaces},
  journal = {Numer. Math.},
  year = {1990},
  volume = {58},
  pages = {pp.~603--611},
  number = {1}
}



@ARTICLE{GC,
  author = {G. Dziuk and C. M. Elliott},
  title = {Finite elements on evolving surfaces},
  journal = {IMA J. Numer. Anal.},
  year = {2007},
  volume = {27},
  pages = {pp.~262--292},
  number = {2}
}

@ARTICLE{ebeida2010new,
  author = {M. S. Ebeida and R. L. Davis and R. W. Freund},
  title = {A new fast hybrid adaptive grid generation technique for arbitrary
	two-dimensional domains},
  journal = {Int. J. Numer. Meth. Engrg.},
  year = {2010},
  volume = {84},
  pages = {pp.~305--329},
  number = {3}
}

@ARTICLE{edelsbrunner2000triangulations,
  author = {H. Edelsbrunner},
  title = {Triangulations and meshes in computational geometry},
  journal = {Acta Numer.},
  year = {2000},
  volume = {9},
  pages = {pp.~133--214}
}

@ARTICLE{FW05,
  author = {X. Feng and H. Wu},
  title = {A Posteriori Error Estimates and an Adaptive Finite Element Method
	for the Allen--Cahn Equation and the Mean Curvature Flow},
  journal = {J. Sci. Comput.},
  year = {2005},
  volume = {24},
  pages = {pp.~121--146},
  number = {2}
}

@INPROCEEDINGS{frey1998fast,
  author = {P. J. Frey and L. Marechal},
  title = {Fast adaptive quadtree mesh generation},
  booktitle = {Proceedings of the Seventh International Meshing Roundtable},
  year = {1998},
  pages = {211--224},
  organization = {Citeseer}
}

@ARTICLE{Fried.I1972,
  author = {I. Fried},
  title = {Condition of finite element matrices generated from nonuniform meshes},
  journal = {AIAA J.},
  year = {1972},
  volume = {10},
  pages = {pp.~219--221}
}

@INPROCEEDINGS{GarlandHeckbert1997,
  author = {M. Garland and P. S. Heckbert},
  title = {Surface simplification using quadric error metrics},
  booktitle = {Proceedings of the 24th annual conference on Computer graphics and
	interactive techniques},
  year = {1997},
  series = {SIGGRAPH '97},
  pages = {209--216},
  address = {New York, NY, USA},
  publisher = {ACM Press/Addison-Wesley Publishing Co.}
}

@ARTICLE{gelas2009,
  author = {A. Gelas and S. Valette and R. Prost and W. L. Nowinski},
  title = {Variational implicit surface meshing},
  journal = {Comput. Graph.},
  year = {2009},
  volume = {33},
  pages = {pp.~312--320},
  number = {3}
}

@BOOK{GT98,
  title = {Elliptic Partial Differential Equations of Second Order},
  publisher = {Springer-Verlag},
  year = {1998},
  author = {D. Gilbarg and N. S. Trudinger},
  address = {Berlin}
}

@ARTICLE{Gong2008SJNA,
  author = {Y. Gong and B. Li and Z. Li},
  title = {Immersed-interface finite-element methods for elliptic interface
	problems with non-homogeneous jump conditions},
  journal = {SIAM J. Numer. Anal.},
  year = {2008},
  volume = {46},
  pages = {pp.~472--495},
  number = {1}
}

@ARTICLE{Hackbusch.W1989a,
  author = {W. Hackbusch},
  title = {On first and second order box schemes},
  journal = {Computing},
  year = {1989},
  volume = {41},
  pages = {pp.~277--296},
  number = {4}
}

@ARTICLE{Hansbo2005NM,
  author = {P. Hansbo and C. Lovadina and I. Perugia and G. Sangalli},
  title = {A Lagrange multiplier method for the finite element solution of elliptic
	interface problems using non-matching meshes},
  journal = {Numer. Math.},
  year = {2005},
  volume = {100},
  pages = {pp.~91--115}
}

@ARTICLE{He2009CCP,
  author = {X. He and T. Lin and Y. Lin},
  title = {A bilinear immersed finite volume element method for the diffusion
	equation with discontinuous coefficients},
  journal = {Commun. Comput. Phys.},
  year = {2009},
  volume = {6},
  pages = {pp.~185--202},
  number = {1}
}

@BOOK{EH1991,
  title = {Sobolev Spaces on Riemannian Manifolds},
  publisher = {Springer Berlin / Heidelberg},
  year = {1996},
  author = {E. Hebey},
  pages = {116},
  address = {New York}
}

@ARTICLE{Hei-Tai-Wan02,
  author = {B. Heimsund and X. Tai and J. Wang},
  title = {Superconvergence for the gradient of the finite element approximations
	by $L^2$-projections},
  journal = {SIAM J. Numer. Anal.},
  year = {2002},
  volume = {40},
  pages = {pp.~1538-1560},
  number = {4}
}

@ARTICLE{Holst.M2001,
  author = {M. Holst},
  title = {Adaptive Numerical Treatment of Elliptic Systems on Manifolds},
  journal = {Adv. Comput. Math.},
  year = {2001},
  volume = {15},
  pages = {pp.~139--191},
  number = {1}
}

@ARTICLE{Hou2005JoCP,
  author = {S. Hou and X. Liu},
  title = {A numerical method for solving variable coefficient elliptic equation
	with interfaces},
  journal = {J. Comput. Phys.},
  year = {2005},
  volume = {202},
  pages = {pp.~411--445},
  number = {2}
}

@ARTICLE{Huang2002mortar,
  author = {J. Huang and J. Zou},
  title = {A mortar element method for elliptic problems with discontinuous
	coefficients},
  journal = {IMA J. Numer. Anal.},
  year = {2002},
  volume = {22},
  pages = {pp.~549--576},
  number = {4}
}

@ARTICLE{HuangQinWang2008IJfNMiE,
  author = {Huang, Yunqing and Qin, Hengfeng and Wang, Desheng},
  title = {Centroidal Voronoi tessellation-based finite element superconvergence},
  journal = {Int. J. Numer. Meth. Engng},
  year = {2008},
  volume = {76},
  pages = {pp.~1819--1839},
  number = {12}
}

@ARTICLE{Huang.Y;Xu.J2008,
  author = {Y. Huang and J. Xu},
  title = {Superconvergence of quadratic finite elements on mildly structured
	grids},
  journal = {Math. Comp.},
  year = {2008},
  volume = {77},
  pages = {pp.~1253--1268},
  number = {263}
}

@ARTICLE{Johansen1998JoCP,
  author = {H. Johansen and P. Colella},
  title = {A Cartesian Grid Embedded Boundary Method for Poisson's Equation
	on Irregular Domains},
  journal = {J. Comput. Phys.},
  year = {1998},
  volume = {147},
  pages = {pp.~60--85},
  number = {1}
}

@INPROCEEDINGS{kela1987toward,
  author = {Kela, A. and Perucchio, R. and Voelcker, H.},
  title = {Toward automatic finite element analysis},
  booktitle = {Rensselaer Polytechnic Inst, Workshop on the Integration of Finite
	Element Modeling with Geometric Modeling 15 p(SEE N 88-19111 11-61)},
  year = {1987}
}

@INCOLLECTION{RRN,
  author = {R. Kimmel and R. Malladi and N. Sochen},
  title = {Image processing via the beltrami operator},
  booktitle = {Computer Vision — ACCV'98},
  publisher = {Springer Berlin / Heidelberg},
  year = {1997},
  editor = {R. Chin and T. Pong},
  volume = {1351},
  series = {Lecture Notes in Computer Science},
  pages = {574--581}
}

@ARTICLE{Knupp.P2001,
  author = {P. Knupp},
  title = {Algebraic mesh quality metrics},
  journal = {SIAM J. Sci. Comput.},
  year = {2001},
  volume = {23},
  pages = {pp.~193--218},
  number = {1}
}

@INPROCEEDINGS{knupp2007remarks,
  author = {P. M. Knupp},
  title = {Remarks on mesh quality},
  booktitle = {45th AIAA Aerospace Science Meeting and Exhibit, Reno, NV},
  year = {2007},
  pages = {pp.~7--10}
}

@ARTICLE{MMJ2000,
  author = {A. M. Lakhany and I. Marek and J. R. Whiteman},
  title = {Superconvergence results on mildly structured triangulations},
  journal = {Comput. Methods Appl. Mech. Engrg.},
  year = {18 August 2000},
  volume = {189},
  pages = {pp.~1--75},
  number = {1}
}

@ARTICLE{LeVeque1997SJoSC,
  author = {R. J. Leveque and Z. Li},
  title = {Immersed interface methods for Stokes flow with elastic boundaries
	or surface tension},
  journal = {SIAM J. Sci. Comput.},
  year = {1997},
  volume = {18},
  pages = {pp.~709--735},
  number = {3}
}

@ARTICLE{Leveque1994immersed,
  author = {R. J. Leveque and Z. Li},
  title = {The immersed interface method for elliptic equations with discontinuous
	coefficients and singular sources},
  journal = {SIAM J. Numer. Anal.},
  year = {1994},
  volume = {31},
  pages = {pp.~1019--1044},
  number = {4}
}

@ARTICLE{BZ1999,
  author = {B. Li and Z. Zhang},
  title = {Analysis of a Class of Superconvergence Patch Recovery Techniques
	for Linear and Bilinear Finite Elements},
  journal = {Numer. Methods Partial Differential Equations},
  year = {1999},
  volume = {15},
  pages = {pp.~151--167}
}

@ARTICLE{Li2003overview,
  author = {Z. Li},
  title = {An overview of the immersed interface method and its applications},
  journal = {Taiwanese J. Math.},
  year = {2003},
  volume = {7},
  pages = {pp.~1--49},
  number = {1}
}

@ARTICLE{Li1998SJoNA,
  author = {Z. Li},
  title = {A Fast Iterative Algorithm for Elliptic Interface Problems},
  journal = {SIAM J. Numer. Anal.},
  year = {1998},
  volume = {35},
  pages = {pp.~230--254},
  number = {1}
}

@BOOK{Li2006,
  title = {The immersed interface method: numerical solutions of PDEs involving
	interfaces and irregular domains},
  publisher = {SIAM},
  year = {2006},
  author = {Z. Li and K. Ito},
  address = {Philadelphia,PA}
}

@ARTICLE{Li.Z;Ito.K2001,
  author = {Z. Li and K. Ito},
  title = {Maximum Principle Preserving Schemes for Interface Problems with
	Discontinuous Coefficients},
  journal = {SIAM J. Sci. Comput.},
  year = {2001},
  volume = {23},
  pages = {pp.~339-361},
  number = {1}
}

@ARTICLE{li2003new,
  author = {Li, Z. and Lin, T. and Wu, X.},
  title = {New Cartesian grid methods for interface problems using the finite
	element formulation},
  journal = {Numer. Math.},
  year = {2003},
  volume = {96},
  pages = {pp.~61--98},
  number = {1}
}

@ARTICLE{LiuNocedal1989MP,
  author = {D. Liu and J. Nocedal},
  title = {On the limited memory BFGS method for large scale optimization},
  journal = {Math. Program.},
  year = {1989},
  volume = {45},
  pages = {pp.~503--528},
  number = {1}
}



@ARTICLE{Liu2000JCP,
  author = {X. Liu and R. Fedkiw and M. Kang},
  title = {A boundary condition capturing method for Poisson's equation on irregular
	domain},
  journal = {J. Comput. Phys.},
  year = {2000},
  volume = {160},
  pages = {pp.~151--178}
}

@ARTICLE{Liu2009AToG,
  author = {Y. Liu and W. Wang and B. L{\'e}vy and F. Sun and D. M. Yan and L.
	Lu and C. Yang},
  title = {On centroidal voronoi tessellation—energy smoothness and fast computation},
  journal = {ACM Trans. Graph.},
  year = {2009},
  volume = {28},
  pages = {pp.~1--17},
  number = {4}
}

@ARTICLE{lloyd1982least,
  author = {S. Lloyd},
  title = {Least squares quantization in PCM},
  journal = {IEEE T. Inform. Theory.},
  year = {1982},
  volume = {28},
  pages = {pp.~129--137},
  number = {2}
}

@MASTERSTHESIS{Thesis:Loop,
  author = {Loop, C.},
  title = {Smooth Subdivision Surfaces Based on Triangles},
  school = {University of Utah},
  year = {1987},
  address = {Utah, USA}
}

@ARTICLE{Maxim.A2007,
  author = {A. Maxim},
  title = {Asymptotic exactness of an a posteriori error estimator based on
	the equilibrated residual method},
  journal = {Numer. Math.},
  year = {2007},
  volume = {106},
  pages = {pp.~225--253},
  number = {2}
}

@ARTICLE{UFM01,
  author = {U. F. Mayer},
  title = {Numerical solutions for the surface diffusion flow in three space
	dimensions},
  journal = {comput. Appl. Math},
  year = {2001},
  volume = {20},
  pages = {pp.~361--379},
  number = {3}
}

@PHDTHESIS{K.Mekchay2005,
  author = {K. Mekchay},
  title = {Convergence of adaptive finite element methods},
  school = {Department of Mathematics, University of Maryland at College Park},
  year = {2005},
  address = {College Park, MD, USA}
}

@ARTICLE{Mekchay.K;Morin.P;Nochetto.R2009,
  author = {K. Mekchay and P. Morin and R. H. Nochetto},
  title = {AFEM for the Laplace-Beltrami Operator on Graphs: Design and Conditional
	Contraction Property},
  journal = {Math. Comput.},
  year = {2009},
  volume = {80},
  pages = {pp.~625--648},
  number = {274}
}

@PHDTHESIS{Ngu08,
  author = {H. Nguyen},
  title = {Centroidal Voronoi tessellations for mesh generation: From uniform
	to anisotropic adaptive triangulations},
  school = {The Florida State University},
  year = {2008},
  address = {Tallahassee, FL, USA}
}

@ARTICLE{Oevermann2006JoCP,
  author = {M. Oevermann and R. Klein},
  title = {A Cartesian grid finite volume method for elliptic equations with
	variable coefficients and embedded interfaces},
  journal = {J. Comput. Phys.},
  year = {2006},
  volume = {219},
  pages = {pp.~749--769},
  number = {2}
}


@Article{xu2013strategy,
  author    = {Xu, Weiquan and Jiang, Kai and Zhang, Pingwen and Shi, An-Chang},
  title     = {A strategy to explore stable and metastable ordered phases of block copolymers},
  journal   = {The Journal of Physical Chemistry B},
  year      = {2013},
  volume    = {117},
  number    = {17},
  pages     = {5296--5305},
  file      = {:xu2013strategy.pdf:pdf},
  publisher = {ACS Publications},
}


@Article{jiang2010spectral,
  author    = {Jiang, Kai and Huang, Yunqing and Zhang, Pingwen},
  title     = {Spectral method for exploring patterns of diblock copolymers},
  journal   = {Journal of Computational Physics},
  year      = {2010},
  volume    = {229},
  number    = {20},
  pages     = {7796--7805},
  file      = {:jiang2010spectral.pdf:pdf},
  publisher = {Elsevier},
}


@Article{jiang2013discovery,
  author    = {Jiang, Kai and Wang, Chu and Huang, Yunqing and Zhang, Pingwen},
  title     = {Discovery of new metastable patterns in diblock copolymers},
  journal   = {Communications in Computational Physics},
  year      = {2013},
  volume    = {14},
  number    = {2},
  pages     = {443--460},
  file      = {:jiang2013discovery.pdf:pdf},
  publisher = {Cambridge University Press},
}

@Article{matsen1994stable,
  author    = {Matsen, Mark W and Schick, Michael},
  title     = {Stable and unstable phases of a diblock copolymer melt},
  journal   = {Physical Review Letters},
  year      = {1994},
  volume    = {72},
  number    = {16},
  pages     = {2660},
  file      = {:matsen1994stable.pdf:pdf},
  publisher = {APS},
}

@Article{jiang2015self,
  author    = {Jiang, Kai and Zhang, Juan and Liang, Qin},
  title     = {Self-Assembly of Asymmetrically Interacting ABC Star Triblock Copolymer Melts},
  journal   = {The Journal of Physical Chemistry B},
  year      = {2015},
  volume    = {119},
  number    = {45},
  pages     = {14551--14562},
  file      = {:jiang2015self.pdf:pdf},
  publisher = {ACS Publications},
}

@Article{drolet1999combinatorial,
  author    = {Drolet, Fran{\c{c}}ois and Fredrickson, Glenn H},
  title     = {Combinatorial screening of complex block copolymer assembly with self-consistent field theory},
  journal   = {Physical Review Letters},
  year      = {1999},
  volume    = {83},
  number    = {21},
  pages     = {4317},
  file      = {:drolet1999combinatorial.pdf:pdf},
  publisher = {APS},
}


@Article{wei2010superconvergence,
  author    = {Wei, Huayi and Chen, Long and Huang, Yunqing},
  title     = {Superconvergence and gradient recovery of linear finite elements for the Laplace--Beltrami operator on general surfaces},
  journal   = {SIAM Journal on Numerical Analysis},
  year      = {2010},
  volume    = {48},
  number    = {5},
  pages     = {1920--1943},
  file      = {:wei2010superconvergence.pdf:pdf},
  publisher = {SIAM},
}

@Article{dziuk1990algorithm,
  author    = {Dziuk, Gerhard},
  title     = {An algorithm for evolutionary surfaces},
  journal   = {Numerische Mathematik},
  year      = {1990},
  volume    = {58},
  number    = {1},
  pages     = {603--611},
  file      = {:dziuk1990algorithm.pdf:pdf},
  publisher = {Springer},
}

@Article{dziuk2007surface,
  author    = {Dziuk, Gerhard and Elliott, Charles M},
  title     = {Surface finite elements for parabolic equations},
  journal   = {Journal of Computational Mathematics},
  year      = {2007},
  pages     = {385--407},
  file      = {:dziuk2007surface.pdf:pdf},
  publisher = {JSTOR},
}

@Article{demlow2009higher,
  author    = {Demlow, Alan},
  title     = {Higher-order finite element methods and pointwise error estimates for elliptic problems on surfaces},
  journal   = {SIAM Journal on Numerical Analysis},
  year      = {2009},
  volume    = {47},
  number    = {2},
  pages     = {805--827},
  file      = {:demlow2009higher.pdf:pdf},
  publisher = {SIAM},
}

@Article{dziuk2013finite,
  author    = {Dziuk, Gerhard and Elliott, Charles M},
  title     = {Finite element methods for surface PDEs},
  journal   = {Acta Numerica},
  year      = {2013},
  volume    = {22},
  pages     = {289--396},
  file      = {:dziuk2013finite.pdf:pdf},
  publisher = {Cambridge University Press},
}

@Article{dziuk2007finite,
  author    = {Dziuk, Gerhard and Elliott, Charles M},
  title     = {Finite elements on evolving surfaces},
  journal   = {IMA journal of numerical analysis},
  year      = {2007},
  volume    = {27},
  number    = {2},
  pages     = {262--292},
  file      = {:dziuk2007finite.pdf:pdf},
  publisher = {Oxford University Press},
}


@Article{guo2008discovering,
  author    = {Guo, Zuojun and Zhang, Guojie and Qiu, Feng and Zhang, Hongdong and Yang, Yuliang and Shi, An-Chang},
  title     = {Discovering ordered phases of block copolymers: New results from a generic Fourier-space approach},
  journal   = {Physical review letters},
  year      = {2008},
  volume    = {101},
  number    = {2},
  pages     = {028301},
  file      = {:guo2008discovering.pdf:pdf},
  publisher = {APS},
}


@Book{fredrickson2006equilibrium,
  title     = {The equilibrium theory of inhomogeneous polymers},
  publisher = {Oxford University Press on Demand},
  year      = {2006},
  author    = {Fredrickson, Glenn},
  volume    = {134},
  file      = {:fredrickson2006equilibrium.pdf:pdf},
}

@ARTICLE{Persson2004,
  author = {Persson, P.O. and Strang, G.},
  title = {A simple mesh generator in MATLAB},
  journal = {SIAM Rev.},
  year = {2004},
  pages = {pp.~329--345},
  number = {2},
  month = {Jun.}
}

@Article{li2006self,
  author    = {Li, JF and Fan, J and Zhang, HD and Qiu, F and Tang, P and Yang, YL},
  title     = {Self-assembled pattern formation of block copolymers on the surface of the sphere using self-consistent field theory},
  journal   = {The European Physical Journal E},
  year      = {2006},
  volume    = {20},
  number    = {4},
  pages     = {449--457},
  file      = {:i2006self.pdf:pdf},
  publisher = {Springer},
}

@ARTICLE{Pflaum2001,
  author = {Pflaum, Christoph},
  title = {Semi-Unstructured Grids},
  journal = {Comput.},
  year = {2001},
  volume = {67},
  pages = {pp.~141--166},
  number = {2}
}

@BOOK{BHR94,
  title = {Geometry-Driven Diffusion in Computer Vision},
  publisher = {Kluwer Academic Publishers},
  year = {1994},
  author = {B. H. Romeny},
  address = {Norwell, MA, USA}
}

@ARTICLE{roitberg1969theorem,
  author = {Ro{\u\i}tberg, J.A. and {\v{S}}eftel, ZG},
  title = {A theorem on homeomorphisms for elliptic systems and its applications},
  journal = {MATH USSR SB+},
  year = {1969},
  volume = {7},
  pages = {pp.~439--465},
  number = {3}
}

@INCOLLECTION{Sachdev2006,
  author = {J. S. Sachdev and C. P. T. Groth},
  title = {A Mesh Adjustment Scheme for Embedded Boundaries},
  booktitle = {Computational Fluid Dynamics 2004},
  publisher = {Springer Berlin - Heidelberg},
  year = {2006},
  editor = {C. Groth and D.W. Zingg},
  pages = {109--114},
  address = {New York}
}

@BOOK{GS,
  title = {Geometric Partial Differential Equations and Image Analysis},
  publisher = {Cambridge University Press},
  year = {2001},
  author = {G. Sapiro},
  pages = {440},
  address = {Cambridge, UK}
}


@ARTICLE{Schatz.A;Sloan.I;Wahlbin.L1996,
  author = {A. Schatz and I. Sloan and L. Wahlbin},
  title = {Superconvergence in Finite Element Methods and Meshes That are Locally
	Symmetric with Respect to a Point},
  journal = {SIAM J. Numer. Anal.},
  year = {1996},
  volume = {33},
  pages = {pp.~505--521},
  number = {2}
}

@ARTICLE{RL01,
  author = {R. Schneider and L. Kobbelt},
  title = {Geometric fairing of irregular meshes for free-form surface design},
  journal = {Comput. Aided Geom. Design},
  year = {2001},
  volume = {18},
  pages = {pp.~359--379},
  number = {4}
}

@INPROCEEDINGS{RL00,
  author = {R. Schneider and L. Kobbelt},
  title = {Generating Fair Meshes with G1 Boundary Conditions},
  booktitle = {GMP '00: Proceedings of the Geometric Modeling and Processing 2000},
  year = {2000},
  pages = {251--261},
  address = {Washington, DC, USA},
  publisher = {IEEE Computer Society}
}

@ARTICLE{shewchuk2002delaunay,
  author = {J. R. Shewchuk},
  title = {Delaunay refinement algorithms for triangular mesh generation},
  journal = {Comput. Geom.},
  year = {2002},
  volume = {22},
  pages = {pp.~21--74},
  number = {1-3}
}

@ARTICLE{sibson1978locally,
  author = {R. Sibson},
  title = {Locally equiangular triangulations},
  journal = {Comput. J.},
  year = {1978},
  volume = {21},
  pages = {pp.~243--245},
  number = {3}
}

@ARTICLE{GS1,
  author = {G. Simonett},
  title = {The Willmore Flow for Near Spheres},
  journal = {Differential Integral Equations},
  year = {2001},
  volume = {14},
  pages = {pp.~1005--1014},
  number = {8}
}

@BOOK{stein1970singular,
  title = {Singular integrals and differentiability properties of functions},
  publisher = {Princeton Univ. Pr.},
  year = {1970},
  author = {Stein, E.M.},
  volume = {30}
}

@MISC{vavasis1999qmg,
  author = {Vavasis, S.},
  title = {QMG: mesh generation and related software},
  year = {1999}
}

@BOOK{wahlbin1995supercon,
  title = {Superconvergence in Galerkin finite element methods},
  publisher = {Springer},
  year = {1995},
  author = {L. B. Wahlbin},
  series = {Lecture notes in mathematics}
}

@ARTICLE{Wang2004jump,
  author = {W. Wang},
  title = {A jump condition capturing finite difference scheme for elliptic
	interface problems},
  journal = {SIAM J. Sci. Comput.},
  year = {2004},
  volume = {25},
  pages = {pp.~1479--1496},
  number = {5}
}

@ARTICLE{Wei2010SJoNA,
  author = {H. Wei and L. Chen and Y. Huang},
  title = {Superconvergence and Gradient Recovery of Linear Finite Elements
	for the Laplace--Beltrami Operator on General Surfaces},
  journal = {SIAM J. Numer. Anal.},
  year = {2010},
  volume = {48},
  pages = {pp.~1920--1943}
}

@BOOK{JW,
  title = {Anisotropic diffusion in image processing},
  publisher = {Teubner Stuttgart},
  year = {1998},
  author = {Weickert, J.},
  volume = {1}
}

@PHDTHESIS{Xie2009finite,
  author = {H. Xie},
  title = {Finite Element Methods for Interface Problems with Locally Modified
	Triangulations},
  year = {2009}
}

@ARTICLE{HuiXie2008ACM,
  author = {H. Xie and K. Ito and Z Li and J. Toivanen},
  title = {A finite element method for interface problems with locally modified
	triangulations},
  journal = {AMS Contemporary Mathematics},
  year = {2008},
  volume = {466},
  pages = {pp.~179--190}
}

@ARTICLE{Xie.H;Ito.K;Li.Z;Toivanen.J2008,
  author = {H. Xie and K. Ito and Z. Li and J. Toivanen},
  title = {A Finite Element Method for Interface Problems with Locally Modified
	Triangulations},
  journal = {Moving Interface Problems and Applications in Fluid Dynamics: January
	8-March 1, 2007, the Institute for Mathematical Sciences, National
	University of Singapore},
  year = {2008},
  volume = {466},
  pages = {pp.~179--190},
  publisher = {Amer. Math. Soc.}
}

@ARTICLE{Xie2011IJoNAaM,
  author = {H. Xie and Z. Li and Z. Qiao},
  title = {A finite element method for elasticity interface problems with locally
	modified triangulations},
  journal = {Int. J. Numer. Anal. Model.},
  year = {2011},
  volume = {8},
  pages = {pp.~189--200},
  number = {2}
}

@BOOK{Xu.G2008,
  title = {Geometric Partial Differential Equation Methods in Computational
	Geometry},
  publisher = {Science Press},
  year = {2008},
  author = {G. Xu},
  address = {Beijing, PR China}
}

@ARTICLE{Xu.J1992a,
  author = {J. Xu},
  title = {Iterative methods by space decomposition and subspace correction},
  journal = {SIAM Rev.},
  year = {1992},
  volume = {34},
  pages = {pp.~581--613}
}

@ARTICLE{Xu1982error,
  author = {J. Xu},
  title = {Error estimates of the finite element method for the 2nd order elliptic
	equations with discontinuous coefficients},
  journal = {J. Xiangtan University},
  year = {1982},
  volume = {1},
  pages = {pp.~1--5}
}



@ARTICLE{XZ2004,
  author = {J. Xu and Z. Zhang},
  title = {Analysis of Recovery Type A Posteriori Error Estimators for Mildly
	Structured Grids},
  journal = {Math. Comp},
  year = {2004},
  volume = {73},
  pages = {pp.~1139--1152}
}

@ARTICLE{Xu.J;Zou.Q2009,
  author = {J. Xu and Q. Zou},
  title = {Analysis of linear and quadratic simplicial finite volume methods
	for elliptic equations},
  journal = {Numer. Math.},
  year = {2009},
  volume = {111},
  pages = {pp.~469--492},
  number = {3}
}

@ARTICLE{Xu2004adaptive,
  author = {M. Xu and P. M. Thompson and A. W. Toga},
  title = {An adaptive level set segmentation on a triangulated mesh},
  journal = {IEEE T. Med. Imaging},
  year = {2004},
  volume = {23},
  pages = {pp.~191--201},
  number = {2}
}

@ARTICLE{yerry1983modified,
  author = {M. A. Yerry and M. S. Shephard},
  title = {A Modified Quadtree Approach To Finite Element Mesh Generation},
  journal = {IEEE Comput. Graph. Appl.},
  year = {1983},
  volume = {3},
  pages = {pp.~39--46},
  number = {1}
}

@ARTICLE{Yiu1996,
  author = {K. F. C. Yiu and D. M. Greaves and S. Cruz and A. Saalehi and A.
	G. L. Borthwick},
  title = {Quadtree grid generation: Information handling, boundary fitting
	and CFD applications},
  journal = {Comput. \& Fluids},
  year = {1996},
  volume = {25},
  pages = {pp.~759--769},
  number = {8}
}

@ARTICLE{zhang46analysis,
  author = {S. Zhang},
  title = {Analysis of finite element domain embedding methods for curved domains
	using uniform grids},
  journal = {Analysis},
  volume = {46},
  pages = {pp.~2843--2866},
  number = {6}
}

@ARTICLE{ZZ1992,
  author = {O. C. Zienkiewicz and J. Zhu},
  title = {The superconvergent patch recovery and a posteriori error estimates.
	Part 1: The recovery technique},
  journal = {Int. J. Numer. Meth. Engrg.},
  year = {1992},
  volume = {33},
  pages = {pp.~1331--1364},
  number = {7}
}

@ARTICLE{Li89,
  author = {李波},
  title = {高次三角形有限元的超收敛问题},
  journal = {计算数学},
  year = {1989},
  volume = {11},
  pages = {pp.~413--417},
  number = {4}
}

@BOOK{Lin-Zhu94,
  title = {有限元的预处理和后处理理论},
  publisher = {上海科学技术出版社},
  year = {1994},
  author = {林群，朱起定},
  address = {上海}
}

@BOOK{Che01,
  title = {有限元超收敛构造理论},
  publisher = {湖南科学技术出版社},
  year = {2001},
  author = {陈传淼},
  address = {长沙}
}

@ARTICLE{Che-Zhu78,
  author = {陈传淼，朱起定},
  title = {有限单元法的一种新估计和应力佳点定理},
  journal = {湘潭大学通讯},
  year = {1978},
  volume = {1},
  pages = {pp.~10--20}
}

@BOOK{Che-Hua95,
  title = {有限元高精度理论},
  publisher = {湖南科学技术出版社},
  year = {1995},
  author = {陈传淼，黄云清},
  address = {长沙}
}

@comment{jabref-meta: selector_publisher:}

@comment{jabref-meta: selector_author:}

@comment{jabref-meta: selector_journal:}

@comment{jabref-meta: selector_keywords:}

