% Encoding: UTF-8

@Book{nakahara2003geometry,
  title     = {Geometry, topology and physics},
  publisher = {CRC Press},
  year      = {2003},
  author    = {Nakahara, Mikio},
  file      = {:nakahara2003geometry.pdf:pdf},
}

@Article{wu2004composite,
  author    = {Wu, Yiying and Cheng, Guosheng and Katsov, Kirill and Sides, Scott W and Wang, Jianfang and Tang, Jing and Fredrickson, Glenn H and Moskovits, Martin and Stucky, Galen D},
  title     = {Composite mesostructures by nano-confinement},
  journal   = {Nature materials},
  year      = {2004},
  volume    = {3},
  number    = {11},
  pages     = {816},
  file      = {:wu2004composite.pdf:pdf},
  publisher = {Nature Publishing Group},
}

@Article{xiang2005influence,
  author    = {Xiang, Hongqi and Shin, Kyusoon and Kim, Taehyung and Moon, Sungin and McCarthy, TJ and Russell, TP},
  title     = {The influence of confinement and curvature on the morphology of block copolymers},
  journal   = {Journal of Polymer Science Part B: Polymer Physics},
  year      = {2005},
  volume    = {43},
  number    = {23},
  pages     = {3377--3383},
  file      = {:xiang2005influence.pdf:pdf},
  publisher = {Wiley Online Library},
}

@Article{yu2006confinement,
  author    = {Yu, Bin and Sun, Pingchuan and Chen, Tiehong and Jin, Qinghua and Ding, Datong and Li, Baohui and Shi, An-Chang},
  title     = {Confinement-induced novel morphologies of block copolymers},
  journal   = {Physical review letters},
  year      = {2006},
  volume    = {96},
  number    = {13},
  pages     = {138306},
  file      = {:yu2006confinement.pdf:pdf},
  publisher = {APS},
}

@Article{stewart2011interplay,
  author    = {Stewart-Sloan, Charlotte R and Thomas, Edwin L},
  title     = {Interplay of symmetries of block polymers and confining geometries},
  journal   = {European Polymer Journal},
  year      = {2011},
  volume    = {47},
  number    = {4},
  pages     = {630--646},
  file      = {stewart2011interplay.pdf:pdf},
  publisher = {Elsevier},
}

@Article{segalman2005patterning,
  author    = {Segalman, Rachel A},
  title     = {Patterning with block copolymer thin films},
  journal   = {Materials Science and Engineering: R: Reports},
  year      = {2005},
  volume    = {48},
  number    = {6},
  pages     = {191--226},
  file      = {:segalman2005patterning.pdf:pdf},
  publisher = {Elsevier},
}

@Article{chantawansri2007self,
  author    = {Chantawansri, Tanya L and Bosse, August W and Hexemer, Alexander and Ceniceros, Hector D and Garc{\'\i}a-Cervera, Carlos J and Kramer, Edward J and Fredrickson, Glenn H},
  title     = {Self-consistent field theory simulations of block copolymer assembly on a sphere},
  journal   = {Physical Review E},
  year      = {2007},
  volume    = {75},
  number    = {3},
  pages     = {031802},
  file      = {:chantawansri2007self.pdf:pdf},
  publisher = {APS},
}

@Article{li2014self,
  author    = {Li, Jianfeng and Zhang, Hongdong and Qiu, Feng},
  title     = {Self-consistent field theory of block copolymers on a general curved surface},
  journal   = {The European Physical Journal E},
  year      = {2014},
  volume    = {37},
  number    = {3},
  pages     = {18},
  file      = {:li2014self.pdf:pdf},
  publisher = {Springer},
}

@Article{li2006self,
  author    = {Li, JF and Fan, J and Zhang, HD and Qiu, F and Tang, P and Yang, YL},
  title     = {Self-assembled pattern formation of block copolymers on the surface of the sphere using self-consistent field theory},
  journal   = {The European Physical Journal E},
  year      = {2006},
  volume    = {20},
  number    = {4},
  pages     = {449--457},
  file      = {:i2006self.pdf:pdf},
  publisher = {Springer},
}

@Book{fredrickson2006equilibrium,
  title     = {The equilibrium theory of inhomogeneous polymers},
  publisher = {Oxford University Press on Demand},
  year      = {2006},
  author    = {Fredrickson, Glenn},
  volume    = {134},
  file      = {:fredrickson2006equilibrium.pdf:pdf},
}

@Article{matsen1994stable,
  author    = {Matsen, Mark W and Schick, Michael},
  title     = {Stable and unstable phases of a diblock copolymer melt},
  journal   = {Physical Review Letters},
  year      = {1994},
  volume    = {72},
  number    = {16},
  pages     = {2660},
  file      = {:matsen1994stable.pdf:pdf},
  publisher = {APS},
}

@Article{jiang2015self,
  author    = {Jiang, Kai and Zhang, Juan and Liang, Qin},
  title     = {Self-assembly of asymmetrically interacting ABC star triblock copolymer melts},
  journal   = {The Journal of Physical Chemistry B},
  year      = {2015},
  volume    = {119},
  number    = {45},
  pages     = {14551--14562},
  file      = {:jiang2015self.pdf:pdf},
  publisher = {ACS Publications},
}

@Article{xu2013strategy,
  author    = {Xu, Weiquan and Jiang, Kai and Zhang, Pingwen and Shi, An-Chang},
  title     = {A strategy to explore stable and metastable ordered phases of block copolymers},
  journal   = {The Journal of Physical Chemistry B},
  year      = {2013},
  volume    = {117},
  number    = {17},
  pages     = {5296--5305},
  file      = {:xu2013strategy.pdf:pdf},
  publisher = {ACS Publications},
}


@Article{jiang2010spectral,
  author    = {Jiang, Kai and Huang, Yunqing and Zhang, Pingwen},
  title     = {Spectral method for exploring patterns of diblock copolymers},
  journal   = {Journal of Computational Physics},
  year      = {2010},
  volume    = {229},
  number    = {20},
  pages     = {7796--7805},
  file      = {:jiang2010spectral.pdf:pdf},
  publisher = {Elsevier},
}


@Article{jiang2013discovery,
  author    = {Jiang, Kai and Wang, Chu and Huang, Yunqing and Zhang, Pingwen},
  title     = {Discovery of new metastable patterns in diblock copolymers},
  journal   = {Communications in Computational Physics},
  year      = {2013},
  volume    = {14},
  number    = {2},
  pages     = {443--460},
  file      = {:jiang2013discovery.pdf:pdf},
  publisher = {Cambridge University Press},
}

@article{Multiscale2004,
  author    = {Ceniceros, H. and Fredrickson, G.},
  title     = {Numerical Solution of Polymer Self-Consistent Field Theory},
  journal   = {Multiscale Modeling \& Simulation},
  volume    = {2},
  number    = {3},
  pages     = {452-474},
  file      = {:Multiscale2004.pdf:pdf},
  year      = {2004},
}



@Article{drolet1999combinatorial,
  author    = {Drolet, Fran{\c{c}}ois and Fredrickson, Glenn H},
  title     = {Combinatorial screening of complex block copolymer assembly with self-consistent field theory},
  journal   = {Physical Review Letters},
  year      = {1999},
  volume    = {83},
  number    = {21},
  pages     = {4317},
  file      = {:drolet1999combinatorial.pdf:pdf},
  publisher = {APS},
}

@Article{guo2008discovering,
  author    = {Guo, Zuojun and Zhang, Guojie and Qiu, Feng and Zhang, Hongdong and Yang, Yuliang and Shi, An-Chang},
  title     = {Discovering ordered phases of block copolymers: New results from a generic Fourier-space approach},
  journal   = {Physical review letters},
  year      = {2008},
  volume    = {101},
  number    = {2},
  pages     = {028301},
  file      = {:guo2008discovering.pdf:pdf},
  publisher = {APS},
}

@Article{rasmussen2002improved,
  author    = {Rasmussen, Kim {\O} and Kalosakas, Georgios},
  title     = {Improved numerical algorithm for exploring block copolymer mesophases},
  journal   = {Journal of Polymer Science Part B: Polymer Physics},
  year      = {2002},
  volume    = {40},
  number    = {16},
  pages     = {1777--1783},
  file      = {:rasmussen2002improved.pdf:pdf},
  publisher = {Wiley Online Library},
}

@Article{cochran2006stability,
  author    = {Cochran, Eric W and Garcia-Cervera, Carlos J and Fredrickson, Glenn H},
  title     = {Stability of the gyroid phase in diblock copolymers at strong segregation},
  journal   = {Macromolecules},
  year      = {2006},
  volume    = {39},
  number    = {7},
  pages     = {2449--2451},
  file      = {:cochran2006stability.pdf:pdf},
  publisher = {ACS Publications},
}


@Book{Stanley2006,
  title     = {Level set methods and dynamic implicit surfaces},
  publisher = {Springer Science & Business Media},
  year      = {2006},
  author    = {Stanley Osher, Ronald Fedkiw},
  file      = {:Stanley2006.pdf:pdf},
}

@InProceedings{li2014mean,
  author       = {Li, Daming and Liang, Kewei and Gruhn, Thomas},
  title        = {Mean Field Theory of Diblock Copolymer on Curved Manifolds},
  booktitle    = {Macromolecular Symposia},
  year         = {2014},
  volume       = {346},
  number       = {1},
  pages        = {22--31},
  organization = {Wiley Online Library},
  file         = {:li2014mean.pdf:pdf},
}


@InCollection{dziuk1988finite,
  author    = {Dziuk, Gerhard},
  title     = {Finite elements for the Beltrami operator on arbitrary surfaces},
  booktitle = {Partial differential equations and calculus of variations},
  publisher = {Springer},
  year      = {1988},
  pages     = {142--155},
  file      = {:dziuk1988finite.pdf:pdf},
}



@Article{dziuk2007finite,
  author    = {Dziuk, Gerhard and Elliott, Charles M},
  title     = {Finite elements on evolving surfaces},
  journal   = {IMA journal of numerical analysis},
  year      = {2007},
  volume    = {27},
  number    = {2},
  pages     = {262--292},
  file      = {:dziuk2007finite.pdf:pdf},
  publisher = {Oxford University Press},
}



@Article{wei2010superconvergence,
  author    = {Wei, Huayi and Chen, Long and Huang, Yunqing},
  title     = {Superconvergence and gradient recovery of linear finite elements for the Laplace--Beltrami operator on general surfaces},
  journal   = {SIAM Journal on Numerical Analysis},
  year      = {2010},
  volume    = {48},
  number    = {5},
  pages     = {1920--1943},
  file      = {:wei2010superconvergence.pdf:pdf},
  publisher = {SIAM},
}


@Article{dziuk1990algorithm,
  author    = {Dziuk, Gerhard},
  title     = {An algorithm for evolutionary surfaces},
  journal   = {Numerische Mathematik},
  year      = {1990},
  volume    = {58},
  number    = {1},
  pages     = {603--611},
  file      = {:dziuk1990algorithm.pdf:pdf},
  publisher = {Springer},
}

@Article{dziuk2007surface,
  author    = {Dziuk, Gerhard and Elliott, Charles M},
  title     = {Surface finite elements for parabolic equations},
  journal   = {Journal of Computational Mathematics},
  year      = {2007},
  pages     = {385--407},
  file      = {:dziuk2007surface.pdf:pdf},
  publisher = {JSTOR},
}


@Article{demlow2009higher,
  author    = {Demlow, Alan},
  title     = {Higher-order finite element methods and pointwise error estimates for elliptic problems on surfaces},
  journal   = {SIAM Journal on Numerical Analysis},
  year      = {2009},
  volume    = {47},
  number    = {2},
  pages     = {805--827},
  file      = {:demlow2009higher.pdf:pdf},
  publisher = {SIAM},
}


@Article{dziuk2013finite,
  author    = {Dziuk, Gerhard and Elliott, Charles M},
  title     = {Finite element methods for surface PDEs},
  journal   = {Acta Numerica},
  year      = {2013},
  volume    = {22},
  pages     = {289--396},
  file      = {:dziuk2013finite.pdf:pdf},
  publisher = {Cambridge University Press},
}

@Article{rineau20123d,
  author  = {Rineau, Laurent and Yvinec, Mariette},
  title   = {3D surface mesh generation},
  journal = {CGAL user and reference manual},
  year    = {2012},
  volume  = {3},
  pages   = {3--8},
  file    = {:rineau20123d.pdf:pdf},
}


@Article{matsen2001standard,
  author    = {Matsen, Mark W},
  title     = {The standard Gaussian model for block copolymer melts},
  journal   = {Journal of Physics: Condensed Matter},
  year      = {2001},
  volume    = {14},
  number    = {2},
  pages     = {R21},
  file      = {:matsen2001standard.pdf:pdf},
  publisher = {IOP Publishing},
}



@Article{jiang2015analytic,
  author    = {Jiang, Kai and Xu, Weiquan and Zhang, Pingwen},
  title     = {Analytic Structure of the SCFT Energy Functional of Multicomponent Block Copolymers},
  journal   = {Communications in Computational Physics},
  year      = {2015},
  volume    = {17},
  number    = {5},
  pages     = {1360--1387},
  file      = {:jiang2015analytic.pdf:pdf},
  publisher = {Cambridge University Press},
}


@Article{fredrickson2002field,
  author    = {Fredrickson, Glenn H and Ganesan, Venkat and Drolet, Fran{\c{c}}ois},
  title     = {Field-theoretic computer simulation methods for polymers and complex fluids},
  journal   = {Macromolecules},
  year      = {2002},
  volume    = {35},
  number    = {1},
  pages     = {16--39},
  file      = {:fredrickson2002field.pdf:pdf},
  publisher = {ACS Publications},
}

@Article{barrat2005introducing,
  author    = {Barrat, Jean-Louis and Fredrickson, Glenn H and Sides, Scott W},
  title     = {Introducing variable cell shape methods in field theory simulations of polymers},
  journal   = {The Journal of Physical Chemistry B},
  year      = {2005},
  volume    = {109},
  number    = {14},
  pages     = {6694--6700},
  file      = {:barrat2005introducing.pdf:pdf},
  publisher = {ACS Publications},
}

@Article{tyler2003stress,
  author    = {Tyler, Christopher A and Morse, David C},
  title     = {Stress in self-consistent-field theory},
  journal   = {Macromolecules},
  year      = {2003},
  volume    = {36},
  number    = {21},
  pages     = {8184--8188},
  file      = {:tyler2003stress.pdf:pdf},
  publisher = {ACS Publications},
}


@Article{chen2011introduction,
  author = {CHEN, LONG},
  title  = {INTRODUCTION TO MULTIGRID METHODS},
  year   = {2011},
  file   = {:chen2011introduction.pdf:pdf},
}

@Article{wright1999numerical,
  author  = {Wright, Stephen and Nocedal, Jorge},
  title   = {Numerical optimization},
  journal = {Springer Science},
  year    = {1999},
  volume  = {35},
  number  = {67-68},
  pages   = {7},
  file    = {:wright1999numerical.pdf:pdf},
}

@Book{press2007numerical,
  title     = {Numerical recipes 3rd edition: The art of scientific computing},
  publisher = {Cambridge university press},
  year      = {2007},
  author    = {Press, William H and Teukolsky, Saul A and Vetterling, William T and Flannery, Brian P},
  file      = {:press2007numerical.pdf:pdf},
}


@Article{vorselaars2011self,
  author    = {Vorselaars, Bart and Kim, Jaeup U and Chantawansri, Tanya L and Fredrickson, Glenn H and Matsen, Mark W},
  title     = {Self-consistent field theory for diblock copolymers grafted to a sphere},
  journal   = {Soft Matter},
  year      = {2011},
  volume    = {7},
  number    = {11},
  pages     = {5128--5137},
  file      = {:vorselaars2011self.pdf:pdf},
  publisher = {Royal Society of Chemistry},
}


@Phd{whyphd,
  author = {魏华祎},
  title  = {界面问题和Laplace-Beltrami问题中的有限元超收敛及网格生成优化研究},
  school = {湘潭大学},
  year   = {2012},
  file   = {:whyphd.pdf:pdf},
}


@Phd{zxwthesis,
  author = {张新未},
  title  = {两嵌段共聚物系统平均场理论数值方法研究},
  school = {北京大学},
  year   = {2008},
  file   = {:zxwthesis.pdf:pdf},
}

@Phd{cyqthesis,
  author = {蔡永强},
  title  = {刚柔两嵌段共聚物自组装双层膜的自洽场数值计算方法和数值模拟},
  school = {北京大学},
  year   = {2017},
  file   = {:cyqthesis.pdf:pdf},
}


@Comment{jabref-meta: databaseType:bibtex;}
