@book{hyq2009,
  title={数值计算方法[M]},
  author={黄云清，舒适，陈艳萍，金继承，文立平},
  publisher={北京：科学出版社},
  year={2009},
}

@book{lrh2005,
  title={偏微分方程数值解法[M]},
  author={李荣华},
  publisher={北京：科学出版社},
  year={2005},
}

@book{lsf2010,
  title={刚性常微分方程及刚性泛函微分方程数值分析[M]},
  author={李寿佛},
  publisher={湘潭：湘潭大学出版社},
  year={2010},
}


@article{zhm2005,
  title={数值求解Lévy-Feller扩散方程*},
  author={章红梅，刘发旺},
  journal={高等学校计算数学学报},
  volume={27},
  pages={239-241},
  year={2005},
}

@phdthesis{lqx2007,
  title={空间分数阶对流－扩散方程的数值解及其应用},
  author={刘青霞},
  year={2007},
}

@article{lsm2016,
  title={分数阶微分方程的理论和数值方法研究},
  author={林世敏，许传炬},
  journal={计算数学},
  volume={38},
  number={1},
  pages={9-12},
  year={2016},
}

@article{lr2004,
  title={分数阶常微分方程初值问题的高阶近似[J]},
  author={林然，刘发旺},
  journal={厦门大学学报},
  volume={43},
  number={1},
  pages={25-30},
  year={2004},
}

@article{wd2016,
  title={双边空间分数阶对流扩散方程的几种数值解法},
  author={王朵},
  school={华南理工大学},
  year={2016},
}

@book{zxd2004,
  title={矩阵分析与应用[M]},
  author={张贤达},
  publisher={北京：清华大学出版社},
  pages={179-197},
  year={2004},
}

@article{Liu2007Approximation,
  title={Approximation of the Lévy–Feller advection–dispersion process by random walk and finite difference method},
  author={Liu, Q. and Liu, F. and Turner, I. and Anh, V.},
  journal={Journal of Computational Physics},
  volume={222},
  number={1},
  pages={57-70},
  year={2007},
}

