@phdthesis{孟文辉2005求解声波区域反散射问题的几种数值解法,
  title={求解声波区域反散射问题的几种数值解法},
  author={孟文辉},
  school={西北大学},
  year={2005},
}

@incollection {MR2029678,
    AUTHOR = {Colton, David},
     TITLE = {Inverse acoustic and electromagnetic scattering theory},
 BOOKTITLE = {Inside out: inverse problems and applications},
    SERIES = {Math. Sci. Res. Inst. Publ.},
    VOLUME = {47},
     PAGES = {67--110},
 PUBLISHER = {Cambridge Univ. Press, Cambridge},
      YEAR = {2003},
   MRCLASS = {35R30 (35J05 35P25 76Q05 78A46)},
  MRNUMBER = {2029678},
}
